% Encoding: UTF-8

@Book{Troen1989,
  author    = {Ib Troen and {Lundtang Petersen}, Erik},
  publisher = {Ris{\o} National Laboratory},
  title     = {European Wind Atlas},
  year      = {1989},
  isbn      = {87-550-1482-8},
  language  = {English},
  url       = {https://orbit.dtu.dk/en/publications/european-wind-atlas},
}

@Book{Gasch2012a,
  author    = {Robert Gasch and Jochen Twele},
  publisher = {Springer},
  title     = {Wind Power Plants : Fundamentals, Design, Construction and Operation},
  year      = {2012},
  isbn      = {978-3-642-22938-1},
}

@Book{Gasch2016,
  title     = {Windkraftanlagen: Grundlagen, Entwurf, Planung und Betrieb},
  publisher = {Springer},
  year      = {2016},
  author    = {Robert Gasch and Jochen Twele},
  isbn      = {978-3-658-12360-4},
}

@Book{Hau2014,
  title     = {Windkraftanlagen: Grundlagen, Technik, Einsatz, Wirtschaftlichkeit},
  publisher = {Springer},
  year      = {2014},
  author    = {Hau, Erich},
  isbn      = {978-3-540-29284-5},
}

@Book{Hau2006,
  title     = {Wind Turbines: Fundamentals, Technologies, Application, Economics},
  publisher = {Springer},
  year      = {2006},
  author    = {Hau, Erich},
  isbn      = {978-3-540-29284-5},
}

@Book{Schaffarczyk2014,
  title  = {Understanding Wind Power Technology : Theory, Deployment and Optimisation},
  year   = {2014},
  author = {Alois Schaffarczyk},
  isbn   = {978-1-118-64751-6},
  doi    = {10.1002/9781118701492},
}

@Article{Alhrshy2020,
  author  = {Alhrshy, Laurence and Jauch, Clemens and Kloft, Peter},
  title   = {Development of a Flexible Lightweight Hydraulic-Pneumatic Flywheel System for Wind Turbine Rotors},
  journal = {Fluids},
  year    = {2020},
  volume  = {5},
  number  = {4},
  doi     = {10.3390/fluids5040162},
}

@Article{Annoni2018,
  author  = {Annoni, J. and Fleming, P. and Scholbrock, A. and Roadman, J. and Dana, S. and Adcock, C. and Porte-Agel, F. and Raach, S. and Haizmann, F. and Schlipf, D.},
  title   = {Analysis of control-oriented wake modeling tools using lidar field results},
  journal = {Wind Energy Science},
  year    = {2018},
  volume  = {3},
  number  = {2},
  pages   = {819--831},
  doi     = {10.5194/wes-3-819-2018},
}

@Article{Fagiano2012,
  author  = {Lorenzo Fagiano and Mario Milanese and Dario Piga},
  title   = {Optimization of airborne wind energy generators},
  journal = {International Journal of Robust and Nonlinear Control},
  year    = {2012},
  volume  = {22},
  pages   = {2055-2083},
  doi     = {10.1002/rnc.1808},
  issue   = {18},
}

@Article{Kuik2016a,
  author  = {van Kuik, G. A. M. and Peinke, J. and Nijssen, R. and Lekou, D. and Mann, J. and S{\o}rensen, J. N. and Ferreira, C. and van Wingerden, J. W. and Schlipf, D. and Gebraad, P. and Polinder, H. and Abrahamsen, A. and van Bussel, G. J. W. and S{\o}rensen, J. D. and Tavner, P. and Bottasso, C. L. and Muskulus, M. and Matha, D. and Lindeboom, H. J. and Degraer, S. and Kramer, O. and Lehnhoff, S. and Sonnenschein, M. and S{\o}rensen, P. E. and K\"unneke, R. W. and Morthorst, P. E. and Skytte, K.},
  journal = {Wind Energy Science},
  title   = {Long-term research challenges in wind energy --a research agenda by the European Academy of Wind Energy},
  year    = {2016},
  number  = {1},
  pages   = {1--39},
  volume  = {1},
  doi     = {10.5194/wes-1-1-2016},
}

@Article{Thiesen2016,
  author         = {Thiesen, Henning and Jauch, Clemens and Gloe, Arne},
  title          = {Design of a System Substituting Today's Inherent Inertia in the European Continental Synchronous Area},
  journal        = {Energies},
  year           = {2016},
  volume         = {9},
  number         = {8},
  article-number = {582},
  doi            = {10.3390/en9080582},
}

@Article{Veers2019a,
  author  = {Veers, Paul and Dykes, Katherine and Lantz, Eric and Barth, Stephan and Bottasso, Carlo L. and Carlson, Ola and Clifton, Andrew and Green, Johney and Green, Peter and Holttinen, Hannele and Laird, Daniel and Lehtom{\"a}ki, Ville and Lundquist, Julie K. and Manwell, James and Marquis, Melinda and Meneveau, Charles and Moriarty, Patrick and Munduate, Xabier and Muskulus, Michael and Naughton, Jonathan and Pao, Lucy and Paquette, Joshua and Peinke, Joachim and Robertson, Amy and Sanz Rodrigo, Javier and Sempreviva, Anna Maria and Smith, J. Charles and Tuohy, Aidan and Wiser, Ryan},
  journal = {Science},
  title   = {Grand challenges in the science of wind energy},
  year    = {2019},
  number  = {6464},
  volume  = {366},
  doi     = {10.1126/science.aau2027},
}

@Article{Mulders2019,
  author  = {Mulders, Sebastiaan and Diepeveen, NFB and Wingerden, JW},
  title   = {Extremum Seeking Control for optimization of a feed-forward Pelton turbine speed controller in a fixed-displacement hydraulic wind turbine concept},
  journal = {Journal of Physics: Conference Series},
  year    = {2019},
  volume  = {1222},
  pages   = {012015},
  month   = {05},
  doi     = {10.1088/1742-6596/1222/1/012015},
}

@Article{Ibrahim2022a,
  author  = {Omar S. Ibrahim and Alessandro Singlitico and Roberts Proskovics and Shane McDonagh and Cian Desmond and Jerry D. Murphy},
  title   = {Dedicated large-scale floating offshore wind to hydrogen: Assessing design variables in proposed typologies},
  journal = {Renewable and Sustainable Energy Reviews},
  year    = {2022},
  volume  = {160},
  pages   = {112310},
  issn    = {1364-0321},
  doi     = {10.1016/j.rser.2022.112310},
}

@Article{VanderHoven1957,
  author  = {Van der Hoven, Isaac},
  title   = {Power spectrum of horizontal wind speed in the frequency range from 0.0007 to 900 cycles per hour},
  journal = {Journal of Meteorology},
  year    = {1957},
  volume  = {14},
  pages   = {160-164},
  doi     = {10.1175/1520-0469(1957)014<0160:PSOHWS>2.0.CO;2},
}

@Standard{IEC61400-1,
  organization = {International Electrotechnical Commission},
  title        = {{Wind turbines - Part 1: Design requirements}},
  author       = {{IEC 61400-1}},
  revision     = {third edition},
  year         = {2005},
  school       = {International Electrotechnical Commission},
}

@Standard{IEC61400-12-1,
  organization = {International Electrotechnical Commission},
  title        = {{Wind turbines - Part 12-1: Power performance measurements of electricity producing wind turbines}},
  author       = {{IEC 61400-12-1}},
  revision     = {first edition},
  year         = {2005},
  school       = {International Electrotechnical Commission},
}

@TechReport{Jonkman2009a,
  author = {Jonkman, J. and Butterfield, S. and Musial, W. and Scott, G.},
  title  = {Definition of a 5-{MW} Reference Wind Turbine for Offshore System Development},
  year   = {2009},
  number = {TP-500-38060},
  doi    = {10.2172/947422},
  school = {NREL},
}

@Article{Babinsky2003,
  author  = {Holger Babinsky},
  title   = {How do wings work?},
  journal = {Physics Education},
  year    = {2003},
  volume  = {38},
  number  = {6},
  doi     = {10.1088/0031-9120/38/6/001},
}

@Book{Betz1926,
  author = {Betz, Albert},
  title  = {Windenergie und ihre Ausnutzung durch Windmühlen},
  year   = {1926},
}

@Book{Kreyszig2011,
  author    = {Kreyszig, Erwin and Kreyszig, Herbert and Norminton, E. J.},
  title     = {Advanced Engineering Mathematics},
  year      = {2011},
  edition   = {Tenth},
  publisher = {Wiley},
  isbn      = {978-0-470-45836-5},
}

@TechReport{Jonkman2005,
  author = {Jonkman, J. and Buhl, L. M.},
  title  = {{FAST} User's Guide},
  year   = {2005},
  number = {EL-500-38230},
  school = {NREL},
  url    = {https://www.nrel.gov/docs/fy06osti/38230.pdf},
}

@Article{Johnson2006,
  Title                    = {Control of Variable-Speed Wind Turbines},
  Author                   = {Johnson, K. and Pao, L. and Balas, M. and Fingersh, L.},
  Journal                  = {IEEE Control Systems Magazine},
  Year                     = {2006},
  Pages                    = {70-81},
  Volume                   = {06},
}

@TechReport{Jonkman2009b,
  author = {Jonkman, B. J.},
  title  = {{TurbSim} User's Guide},
  year   = {2009},
  number = {TP-500-46198},
  school = {NREL},
  url    = {https://www.nrel.gov/docs/fy06osti/39797.pdf},
}

@Article{Henningsen2021,
  author  = {Henningsen, Michael and Ruckdäschel, Holger},
  journal = {Chemie in unserer Zeit},
  title   = {Was Windturbinen den richtigen Dreh gibt},
  year    = {2021},
  number  = {6},
  pages   = {406-421},
  volume  = {55},
  doi     = {https://doi.org/10.1002/ciuz.202100012},
}

@misc{Novais2021,
  author       = {Felipe Novais and
                  David Schlipf and
                  Steffen Raach},
  title        = {A Low Computational Framework for Testing Wind Farm Controllers},
  year         = 2021,
  doi          = {10.5281/zenodo.5008772},
}

@Article{Pena2016,
  author  = {Peña, Alfredo and Réthoré, Pierre-Elouan and van der Laan, M. Paul},
  title   = {On the application of the Jensen wake model using a turbulence-dependent wake decay coefficient: the Sexbierum case},
  journal = {Wind Energy},
  year    = {2016},
  volume  = {19},
  number  = {4},
  pages   = {763-776},
  doi     = {10.1002/we.1863},
}

@Article{Hasager2017,
  author  = {Hasager, Charlotte Bay and Nygaard, Nicolai Gayle and Volker, Patrick J. H. and Karagali, Ioanna and Andersen, Søren Juhl and Badger, Jake},
  title   = {Wind Farm Wake: The 2016 Horns Rev Photo Case},
  journal = {Energies},
  year    = {2017},
  volume  = {10},
  number  = {3},
  doi     = {10.3390/en10030317},
  pages   = {317},
}

@PhdThesis{Gebraad2014a,
  author = {Gebraad, P. M. O.},
  school = {Delft University of Technology},
  title  = {Data-driven wind plant control},
  year   = {2014},
  doi    = {10.4233/uuid:5c37b2d7-c2da-4457-bff9-f6fd27fe8767},
}

@Article{Gebraad2014b,
  author    = {Gebraad, P. M. O. and van Wingerden, J. W.},
  journal   = {Journal of Physics: Conference Series},
  title     = {A control-oriented dynamic model for wakes in wind plants},
  year      = {2014},
  number    = {1},
  pages     = {012186},
  volume    = {524},
  doi       = {10.1088/1742-6596/524/1/012186},
  publisher = {IOP Publishing},
}

@Article{Marden2013,
  author    = {Marden, J.R. and Ruben, S. D. and Pao, L. Y.},
  title 	= {A Model-Free Approach to Wind Farm Control Using Game Theoretic Methods}, 
  journal 	= {IEEE Transactions on Control Systems Technology}, 
  year      = {2013},
  volume	= {21},
  number 	= {4},
  pages 	= {1207-1214},
  doi 		= {10.1109/TCST.2013.2257780}
}

@Article{Campagnolo2016,
  author  = {Filippo Campagnolo and Vlaho Petrovi{\'{c}} and Johannes Schreiber and Emmanouil M. Nanos and Alessandro Croce and Carlo L. Bottasso},
  title   = {Wind tunnel testing of a closed-loop wake deflection controller for wind farm power maximization},
  journal = {Journal of Physics: Conference Series},
  year    = {2016},
  volume  = {753},
  pages   = {032006},
  doi     = {10.1088/1742-6596/753/3/032006},
}

@Article{Fleming2019,
  author  = {Fleming, P. and King, J. and Dykes, K. and Simley, E. and Roadman, J. and Scholbrock, A. and Murphy, P. and Lundquist, J. K. and Moriarty, P. and Fleming, K. and van Dam, J. and Bay, C. and Mudafort, R. and Lopez, H. and Skopek, J. and Scott, M. and Ryan, B. and Guernsey, C. and Brake, D.},
  title   = {Initial results from a field campaign of wake steering applied at a commercial wind farm -- Part 1},
  journal = {Wind Energy Science},
  year    = {2019},
  volume  = {4},
  number  = {2},
  pages   = {273--285},
  doi     = {10.5194/wes-4-273-2019},
}

@Article{Frederik2020,
  author  = {Frederik, Joeri A. and Doekemeijer, Bart M. and Mulders, Sebastiaan P. and van Wingerden, Jan-Willem},
  title   = {The helix approach: Using dynamic individual pitch control to enhance wake mixing in wind farms},
  journal = {Wind Energy},
  year    = {2020},
  volume  = {23},
  number  = {8},
  pages   = {1739-1751},
  doi     = {10.1002/we.2513},
}

@Book{Manwell2009,
  Title                    = {Wind Energy Explained: Theory, Design and Application},
  Author                   = {Manwell, J. F. and McGowan, J. G. and Rogers, A. L.},
  Publisher                = {John Wiley \& Sons},
  Year                     = {2009},
  doi                      = {10.1002/9781119994367},
}

@InProceedings{Oerlemans2012,
  author    = {Stefan Oerlemans and Peter Fuglsang},
  title     = {Low-noise wind turbine design},
  booktitle = {Presentation at the EWEA},
  year      = {2012},
  url       = {http://www.ewea.org/events/workshops/wp-content/uploads/2012/12/EWEA-Noise-Workshop-Oxford-2012-1-1-Stefan-Oerlemans.pdf},
}

@Article{RomeroSanz2008,
  author  = {Ignacio Romero-Sanz and Álvaro Matesanz},
  journal = {Wind Engineering},
  title   = {Noise Management on Modern Wind Turbines},
  year    = {2008},
  number  = {1},
  pages   = {27-44},
  volume  = {32},
  doi     = {10.1260/030952408784305886},
}

@Misc{Sachse2018,
  author    = {Axel Sachse},
  title     = {Wind Turbine Generators (WTG) Noise Originationand Reduction},
  year      = {2018},
  booktitle = {Presentation at the WETI Ringvorlesung},
}

@Electronic{Ingram2011a,
  author = {Grant Ingram},
  title  = {Wind Turbine Blade Analysis using the Blade Element Momentum Method},
  url    = {https://grantingram.org/download.html},
  year   = {2011a},
}

@Article{McWilliam2011a,
  author  = {Michael McWilliam and Curran Crawford},
  journal = {Wind Engineering},
  title   = {The Behavior of Fixed Point Iteration and Newton-Raphson Methods in Solving the Blade Element Momentum Equations},
  year    = {2011},
  number  = {1},
  pages   = {17-31},
  volume  = {35},
  doi     = {10.1260/0309-524X.35.1.17},
}

@Article{Ning2014a,
  author  = {Ning, S. Andrew},
  journal = {Wind Energy},
  title   = {A simple solution method for the blade element momentum equations with guaranteed convergence},
  year    = {2014},
  number  = {9},
  pages   = {1327-1345},
  volume  = {17},
  doi     = {10.1002/we.1636},
}

@Article{Sun2017a,
  author  = {Sun, Zhenye and Shen, Wen Zhong and Chen, Jin and Zhu, Wei Jun},
  journal = {Wind Energy},
  title   = {Improved fixed point iterative method for blade element momentum computations},
  year    = {2017},
  number  = {9},
  pages   = {1585-1600},
  volume  = {20},
  doi     = {10.1002/we.2110},
}

@Comment{jabref-meta: databaseType:bibtex;}
